@inproceedings{dessert,
  year = 2018,
  month = {aug},
  publisher = {{IEEE}},
  author = {Donggyu Kim and Christopher Celio and Sagar Karandikar and David Biancolin and Jonathan Bachrach and Krste Asanovic},
  title = {{DESSERT}: Debugging {RTL} Effectively with State Snapshotting for Error Replays across Trillions of Cycles},
  booktitle = {2018 28th International Conference on Field Programmable Logic and Applications ({FPL})}
}

@inproceedings{simmani,
  author    = {Donggyu Kim and
               Jerry Zhao and
               Jonathan Bachrach and
               Krste Asanovic},
  title     = {Simmani: Runtime Power Modeling for Arbitrary {RTL} with Automatic
               Signal Selection},
  booktitle = {Proceedings of the 52nd Annual {IEEE/ACM} International Symposium
               on Microarchitecture, {MICRO} 2019, Columbus, OH, USA, October 12-16,
               2019},
  pages     = {1050--1062},
  publisher = {{ACM}},
  year      = {2019}
}

@inproceedings{strober,
  author    = {Donggyu Kim and
               Adam M. Izraelevitz and
               Christopher Celio and
               Hokeun Kim and
               Brian Zimmer and
               Yunsup Lee and
               Jonathan Bachrach and
               Krste Asanovic},
  title     = {Strober: Fast and Accurate Sample-Based Energy Simulation for Arbitrary
               {RTL}},
  booktitle = {43rd {ACM/IEEE} Annual International Symposium on Computer Architecture,
               {ISCA} 2016, Seoul, South Korea, June 18-22, 2016},
  pages     = {128--139},
  publisher = {{IEEE} Computer Society},
  year      = {2016}
}
